%% This BibTeX bibliography file was created using BibDesk.
%% http://bibdesk.sourceforge.net/


%% Created for Maxime Rischard Old at 2017-11-08 17:48:03 -0500 


%% Saved with string encoding Unicode (UTF-8) 



@article{imbens2012optimal,
	Author = {Imbens, Guido and Kalyanaraman, Karthik},
	Date-Added = {2017-11-08 22:18:26 +0000},
	Date-Modified = {2017-11-08 22:18:26 +0000},
	Journal = {The Review of economic studies},
	Number = {3},
	Pages = {933--959},
	Publisher = {Oxford University Press},
	Title = {Optimal bandwidth choice for the regression discontinuity estimator},
	Volume = {79},
	Year = {2012}}

@book{rasmussen2006gaussian,
	Author = {Rasmussen, Carl Edward and Williams, Christopher KI},
	Date-Added = {2017-09-30 17:28:53 +0000},
	Date-Modified = {2017-09-30 17:28:53 +0000},
	Publisher = {MIT press Cambridge},
	Title = {Gaussian processes for machine learning},
	Volume = {1},
	Year = {2006}}

@book{banerjee2014hierarchical,
	Author = {Banerjee, Sudipto and Carlin, Bradley P and Gelfand, Alan E},
	Date-Added = {2017-09-29 15:44:16 +0000},
	Date-Modified = {2017-09-29 15:44:16 +0000},
	Publisher = {Crc Press},
	Title = {Hierarchical modeling and analysis for spatial data},
	Year = {2014}}

@article{li2016balancing,
	Author = {Li, Fan and Morgan, Kari Lock and Zaslavsky, Alan M},
	Date-Added = {2017-09-29 02:15:58 +0000},
	Date-Modified = {2017-09-29 02:15:58 +0000},
	Journal = {Journal of the American Statistical Association},
	Number = {just-accepted},
	Publisher = {Taylor \& Francis},
	Title = {Balancing covariates via propensity score weighting},
	Year = {2016},
	Bdsk-File-1 = {YnBsaXN0MDDUAQIDBAUGJCVYJHZlcnNpb25YJG9iamVjdHNZJGFyY2hpdmVyVCR0b3ASAAGGoKgHCBMUFRYaIVUkbnVsbNMJCgsMDxJXTlMua2V5c1pOUy5vYmplY3RzViRjbGFzc6INDoACgAOiEBGABIAFgAdccmVsYXRpdmVQYXRoWWFsaWFzRGF0YV8QVS4uLy4uLy4uLy4uLy4uLy4uL0dvb2dsZSBEcml2ZS9QYXBlcnMvU3BhdGlhbFJERC9MaV9Qcm9wZW5zaXR5U2NvcmVXZWlnaHRpbmdfMjAxNi5wZGbSFwsYGVdOUy5kYXRhTxECBAAAAAACBAACAAAMTWFjaW50b3NoIEhEAAAAAAAAAAAAAAAAAAAA0bHiiUgrAAAA/m1HH0xpX1Byb3BlbnNpdHlTY29yZVcjMjZBNUU1RC5wZGYAAAAAAAAAAAAAAAAAAAAAAAAAAAAAAAAAAAAAAAAAAAJqXl3VJjJrAAAAAAAAAAAABgAEAAAJIAAAAAAAAAAAAAAAAAAAAApTcGF0aWFsUkREABAACAAA0bIayQAAABEACAAA1SZqqwAAAAEAFAD+bUcADVWoAP5iqgAJ0RQAApg5AAIAXE1hY2ludG9zaCBIRDpVc2VyczoAaW1vbGs6AEdvb2dsZSBEcml2ZToAUGFwZXJzOgBTcGF0aWFsUkREOgBMaV9Qcm9wZW5zaXR5U2NvcmVXIzI2QTVFNUQucGRmAA4ASgAkAEwAaQBfAFAAcgBvAHAAZQBuAHMAaQB0AHkAUwBjAG8AcgBlAFcAZQBpAGcAaAB0AGkAbgBnAF8AMgAwADEANgAuAHAAZABmAA8AGgAMAE0AYQBjAGkAbgB0AG8AcwBoACAASABEABIAT1VzZXJzL2ltb2xrL0dvb2dsZSBEcml2ZS9QYXBlcnMvU3BhdGlhbFJERC9MaV9Qcm9wZW5zaXR5U2NvcmVXZWlnaHRpbmdfMjAxNi5wZGYAABMAAS8AABUAAgAM//8AAIAG0hscHR5aJGNsYXNzbmFtZVgkY2xhc3Nlc11OU011dGFibGVEYXRhox0fIFZOU0RhdGFYTlNPYmplY3TSGxwiI1xOU0RpY3Rpb25hcnmiIiBfEA9OU0tleWVkQXJjaGl2ZXLRJidUcm9vdIABAAgAEQAaACMALQAyADcAQABGAE0AVQBgAGcAagBsAG4AcQBzAHUAdwCEAI4A5gDrAPMC+wL9AwIDDQMWAyQDKAMvAzgDPQNKA00DXwNiA2cAAAAAAAACAQAAAAAAAAAoAAAAAAAAAAAAAAAAAAADaQ==}}

@article{imbens2011regression,
	Author = {Imbens, Guido and Zajonc, Tristan},
	Date-Added = {2017-09-27 14:57:03 +0000},
	Date-Modified = {2017-09-27 14:57:03 +0000},
	Journal = {Report, Harvard University.[972]},
	Title = {Regression discontinuity design with multiple forcing variables},
	Year = {2011},
	Bdsk-File-1 = {YnBsaXN0MDDUAQIDBAUGJCVYJHZlcnNpb25YJG9iamVjdHNZJGFyY2hpdmVyVCR0b3ASAAGGoKgHCBMUFRYaIVUkbnVsbNMJCgsMDxJXTlMua2V5c1pOUy5vYmplY3RzViRjbGFzc6INDoACgAOiEBGABIAFgAdccmVsYXRpdmVQYXRoWWFsaWFzRGF0YV8QVS4uLy4uLy4uLy4uLy4uLy4uL0dvb2dsZSBEcml2ZS9QYXBlcnMvU3BhdGlhbFJERC9JbWJlbnNaYWpvbmNfUkREbXVsdGlwbGVfZm9yY2luZy5wZGbSFwsYGVdOUy5kYXRhTxECBAAAAAACBAACAAAMTWFjaW50b3NoIEhEAAAAAAAAAAAAAAAAAAAA0bHiiUgrAAAA/m1HH0ltYmVuc1pham9uY19SRERtdWwjMjY5QTFCMi5wZGYAAAAAAAAAAAAAAAAAAAAAAAAAAAAAAAAAAAAAAAAAAAJpobLV8TIoAAAAAAAAAAAABgAEAAAJIAAAAAAAAAAAAAAAAAAAAApTcGF0aWFsUkREABAACAAA0bIayQAAABEACAAA1fFqaAAAAAEAFAD+bUcADVWoAP5iqgAJ0RQAApg5AAIAXE1hY2ludG9zaCBIRDpVc2VyczoAaW1vbGs6AEdvb2dsZSBEcml2ZToAUGFwZXJzOgBTcGF0aWFsUkREOgBJbWJlbnNaYWpvbmNfUkREbXVsIzI2OUExQjIucGRmAA4ASgAkAEkAbQBiAGUAbgBzAFoAYQBqAG8AbgBjAF8AUgBEAEQAbQB1AGwAdABpAHAAbABlAF8AZgBvAHIAYwBpAG4AZwAuAHAAZABmAA8AGgAMAE0AYQBjAGkAbgB0AG8AcwBoACAASABEABIAT1VzZXJzL2ltb2xrL0dvb2dsZSBEcml2ZS9QYXBlcnMvU3BhdGlhbFJERC9JbWJlbnNaYWpvbmNfUkREbXVsdGlwbGVfZm9yY2luZy5wZGYAABMAAS8AABUAAgAM//8AAIAG0hscHR5aJGNsYXNzbmFtZVgkY2xhc3Nlc11OU011dGFibGVEYXRhox0fIFZOU0RhdGFYTlNPYmplY3TSGxwiI1xOU0RpY3Rpb25hcnmiIiBfEA9OU0tleWVkQXJjaGl2ZXLRJidUcm9vdIABAAgAEQAaACMALQAyADcAQABGAE0AVQBgAGcAagBsAG4AcQBzAHUAdwCEAI4A5gDrAPMC+wL9AwIDDQMWAyQDKAMvAzgDPQNKA00DXwNiA2cAAAAAAAACAQAAAAAAAAAoAAAAAAAAAAAAAAAAAAADaQ==}}

@article{keele_titiunik_2015,
	Author = {Keele, Luke J. and Titiunik, Roc{\'\i}o},
	Date-Added = {2017-05-05 20:17:23 +0000},
	Date-Modified = {2017-05-05 20:17:23 +0000},
	Doi = {10.1093/pan/mpu014},
	Journal = {Political Analysis},
	Number = {1},
	Pages = {127--155},
	Publisher = {Cambridge University Press},
	Title = {Geographic Boundaries as Regression Discontinuities},
	Volume = {23},
	Year = {2015},
	Bdsk-File-1 = {YnBsaXN0MDDUAQIDBAUGJCVYJHZlcnNpb25YJG9iamVjdHNZJGFyY2hpdmVyVCR0b3ASAAGGoKgHCBMUFRYaIVUkbnVsbNMJCgsMDxJXTlMua2V5c1pOUy5vYmplY3RzViRjbGFzc6INDoACgAOiEBGABIAFgAdccmVsYXRpdmVQYXRoWWFsaWFzRGF0YV8QSi4uLy4uLy4uLy4uLy4uLy4uL0dvb2dsZSBEcml2ZS9QYXBlcnMvU3BhdGlhbFJERC9LZWVsZS1UaXRpdW5pa19HZW9SREQucGRm0hcLGBlXTlMuZGF0YU8RAdwAAAAAAdwAAgAADE1hY2ludG9zaCBIRAAAAAAAAAAAAAAAAAAAANGx4olIKwAAAP5tRxlLZWVsZS1UaXRpdW5pa19HZW9SREQucGRmAAAAAAAAAAAAAAAAAAAAAAAAAAAAAAAAAAAAAAAAAAAAAAAAAAAB/jS61TS8HgAAAAAAAAAAAAYABAAACSAAAAAAAAAAAAAAAAAAAAAKU3BhdGlhbFJERAAQAAgAANGyGskAAAARAAgAANU09F4AAAABABQA/m1HAA1VqAD+YqoACdEUAAKYOQACAFZNYWNpbnRvc2ggSEQ6VXNlcnM6AGltb2xrOgBHb29nbGUgRHJpdmU6AFBhcGVyczoAU3BhdGlhbFJERDoAS2VlbGUtVGl0aXVuaWtfR2VvUkRELnBkZgAOADQAGQBLAGUAZQBsAGUALQBUAGkAdABpAHUAbgBpAGsAXwBHAGUAbwBSAEQARAAuAHAAZABmAA8AGgAMAE0AYQBjAGkAbgB0AG8AcwBoACAASABEABIARFVzZXJzL2ltb2xrL0dvb2dsZSBEcml2ZS9QYXBlcnMvU3BhdGlhbFJERC9LZWVsZS1UaXRpdW5pa19HZW9SREQucGRmABMAAS8AABUAAgAM//8AAIAG0hscHR5aJGNsYXNzbmFtZVgkY2xhc3Nlc11OU011dGFibGVEYXRhox0fIFZOU0RhdGFYTlNPYmplY3TSGxwiI1xOU0RpY3Rpb25hcnmiIiBfEA9OU0tleWVkQXJjaGl2ZXLRJidUcm9vdIABAAgAEQAaACMALQAyADcAQABGAE0AVQBgAGcAagBsAG4AcQBzAHUAdwCEAI4A2wDgAOgCyALKAs8C2gLjAvEC9QL8AwUDCgMXAxoDLAMvAzQAAAAAAAACAQAAAAAAAAAoAAAAAAAAAAAAAAAAAAADNg==},
	Bdsk-Url-1 = {http://dx.doi.org/10.1093/pan/mpu014}}

@article{keele2015enhancing,
	Author = {Keele, Luke and Titiunik, Roc{\'\i}o and Zubizarreta, Jos{\'e} R},
	Date-Added = {2017-05-05 19:06:00 +0000},
	Date-Modified = {2017-05-05 19:06:00 +0000},
	Journal = {Journal of the Royal Statistical Society: Series A (Statistics in Society)},
	Number = {1},
	Pages = {223--239},
	Publisher = {Wiley Online Library},
	Title = {Enhancing a geographic regression discontinuity design through matching to estimate the effect of ballot initiatives on voter turnout},
	Volume = {178},
	Year = {2015},
	Bdsk-File-1 = {YnBsaXN0MDDUAQIDBAUGJCVYJHZlcnNpb25YJG9iamVjdHNZJGFyY2hpdmVyVCR0b3ASAAGGoKgHCBMUFRYaIVUkbnVsbNMJCgsMDxJXTlMua2V5c1pOUy5vYmplY3RzViRjbGFzc6INDoACgAOiEBGABIAFgAdccmVsYXRpdmVQYXRoWWFsaWFzRGF0YV8QSi4uLy4uLy4uLy4uLy4uLy4uL0dvb2dsZSBEcml2ZS9QYXBlcnMvU3BhdGlhbFJERC9LZWVsZS1HZW9SRERfTWF0Y2hpbmcucGRm0hcLGBlXTlMuZGF0YU8RAdwAAAAAAdwAAgAADE1hY2ludG9zaCBIRAAAAAAAAAAAAAAAAAAAANGx4olIKwAAAP5tRxlLZWVsZS1HZW9SRERfTWF0Y2hpbmcucGRmAAAAAAAAAAAAAAAAAAAAAAAAAAAAAAAAAAAAAAAAAAAAAAAAAAAA4hU+0tvWQAAAAAAAAAAAAAYABAAACSAAAAAAAAAAAAAAAAAAAAAKU3BhdGlhbFJERAAQAAgAANGyGskAAAARAAgAANLcHJAAAAABABQA/m1HAA1VqAD+YqoACdEUAAKYOQACAFZNYWNpbnRvc2ggSEQ6VXNlcnM6AGltb2xrOgBHb29nbGUgRHJpdmU6AFBhcGVyczoAU3BhdGlhbFJERDoAS2VlbGUtR2VvUkREX01hdGNoaW5nLnBkZgAOADQAGQBLAGUAZQBsAGUALQBHAGUAbwBSAEQARABfAE0AYQB0AGMAaABpAG4AZwAuAHAAZABmAA8AGgAMAE0AYQBjAGkAbgB0AG8AcwBoACAASABEABIARFVzZXJzL2ltb2xrL0dvb2dsZSBEcml2ZS9QYXBlcnMvU3BhdGlhbFJERC9LZWVsZS1HZW9SRERfTWF0Y2hpbmcucGRmABMAAS8AABUAAgAM//8AAIAG0hscHR5aJGNsYXNzbmFtZVgkY2xhc3Nlc11OU011dGFibGVEYXRhox0fIFZOU0RhdGFYTlNPYmplY3TSGxwiI1xOU0RpY3Rpb25hcnmiIiBfEA9OU0tleWVkQXJjaGl2ZXLRJidUcm9vdIABAAgAEQAaACMALQAyADcAQABGAE0AVQBgAGcAagBsAG4AcQBzAHUAdwCEAI4A2wDgAOgCyALKAs8C2gLjAvEC9QL8AwUDCgMXAxoDLAMvAzQAAAAAAAACAQAAAAAAAAAoAAAAAAAAAAAAAAAAAAADNg==}}

@article{schumann2014persistence,
	Author = {Schumann, Abel},
	Date-Added = {2017-05-02 20:26:13 +0000},
	Date-Modified = {2017-05-02 20:26:13 +0000},
	Journal = {American Economic Journal: Applied Economics},
	Number = {3},
	Pages = {189--205},
	Publisher = {American Economic Association},
	Title = {Persistence of Population Shocks: Evidence from the Occupation of West Germany after World War II},
	Volume = {6},
	Year = {2014}}

@techreport{salazar2016estimating,
	Author = {Salazar, Lina and Maffioli, Alessandro and Aramburu, Juli{\'a}n and Agurto Adrianzen, Marcos},
	Date-Added = {2017-05-02 20:25:51 +0000},
	Date-Modified = {2017-05-02 20:25:51 +0000},
	Institution = {IDB Working Paper Series},
	Title = {Estimating the Impacts of a Fruit Fly Eradication Program in Peru: A Geographical Regression Discontinuity Approach},
	Year = {2016}}

@article{pence2006foreclosing,
	Author = {Pence, Karen M},
	Date-Added = {2017-05-02 20:25:29 +0000},
	Date-Modified = {2017-05-02 20:25:29 +0000},
	Journal = {Review of Economics and Statistics},
	Number = {1},
	Pages = {177--182},
	Publisher = {MIT Press},
	Title = {Foreclosing on opportunity: State laws and mortgage credit},
	Volume = {88},
	Year = {2006}}

@article{nall2012road,
	Author = {Nall, Clayton},
	Date-Added = {2017-05-02 20:25:05 +0000},
	Date-Modified = {2017-05-02 20:25:05 +0000},
	Journal = {Unpublished manuscript},
	Title = {The road to division: Interstate highways and geographic polarization},
	Year = {2012}}

@article{miguel2004tribe,
	Author = {Miguel, Edward},
	Date-Added = {2017-05-02 20:24:44 +0000},
	Date-Modified = {2017-05-02 20:24:44 +0000},
	Journal = {World politics},
	Number = {03},
	Pages = {328--362},
	Publisher = {Cambridge Univ Press},
	Title = {Tribe or nation? Nation building and public goods in Kenya versus Tanzania},
	Volume = {56},
	Year = {2004}}

@article{magruder2012high,
	Author = {Magruder, Jeremy R},
	Date-Added = {2017-05-02 20:23:57 +0000},
	Date-Modified = {2017-05-02 20:23:57 +0000},
	Journal = {American Economic Journal: Applied Economics},
	Number = {3},
	Pages = {138--166},
	Publisher = {American Economic Association},
	Title = {High unemployment yet few small firms: The role of centralized bargaining in South Africa},
	Volume = {4},
	Year = {2012}}

@article{macdonald2015effect,
	Author = {MacDonald, John M and Klick, Jonathan and Grunwald, Ben},
	Date-Added = {2017-05-02 20:23:17 +0000},
	Date-Modified = {2017-05-02 20:23:17 +0000},
	Journal = {Journal of the Royal Statistical Society: Series A (Statistics in Society)},
	Publisher = {Wiley Online Library},
	Title = {The effect of private police on crime: evidence from a geographic regression discontinuity design},
	Year = {2015},
	Bdsk-File-1 = {YnBsaXN0MDDUAQIDBAUGJCVYJHZlcnNpb25YJG9iamVjdHNZJGFyY2hpdmVyVCR0b3ASAAGGoKgHCBMUFRYaIVUkbnVsbNMJCgsMDxJXTlMua2V5c1pOUy5vYmplY3RzViRjbGFzc6INDoACgAOiEBGABIAFgAdccmVsYXRpdmVQYXRoWWFsaWFzRGF0YV8QVi4uLy4uLy4uLy4uLy4uLy4uL0dvb2dsZSBEcml2ZS9QYXBlcnMvU3BhdGlhbFJERC9leGFtcGxlcy9NYWNEb25hbGRfcHJpdmF0ZV9wb2xpY2UucGRm0hcLGBlXTlMuZGF0YU8RAf4AAAAAAf4AAgAADE1hY2ludG9zaCBIRAAAAAAAAAAAAAAAAAAAANGx4olIKwAAASt6tBxNYWNEb25hbGRfcHJpdmF0ZV9wb2xpY2UucGRmAAAAAAAAAAAAAAAAAAAAAAAAAAAAAAAAAAAAAAAAAAAAAAABLDKG03x+MwAAAAAAAAAAAAYABQAACSAAAAAAAAAAAAAAAAAAAAAIZXhhbXBsZXMAEAAIAADRshrJAAAAEQAIAADTfLZzAAAAAQAYASt6tAD+bUcADVWoAP5iqgAJ0RQAApg5AAIAY01hY2ludG9zaCBIRDpVc2VyczoAaW1vbGs6AEdvb2dsZSBEcml2ZToAUGFwZXJzOgBTcGF0aWFsUkREOgBleGFtcGxlczoATWFjRG9uYWxkX3ByaXZhdGVfcG9saWNlLnBkZgAADgA6ABwATQBhAGMARABvAG4AYQBsAGQAXwBwAHIAaQB2AGEAdABlAF8AcABvAGwAaQBjAGUALgBwAGQAZgAPABoADABNAGEAYwBpAG4AdABvAHMAaAAgAEgARAASAFBVc2Vycy9pbW9say9Hb29nbGUgRHJpdmUvUGFwZXJzL1NwYXRpYWxSREQvZXhhbXBsZXMvTWFjRG9uYWxkX3ByaXZhdGVfcG9saWNlLnBkZgATAAEvAAAVAAIADP//AACABtIbHB0eWiRjbGFzc25hbWVYJGNsYXNzZXNdTlNNdXRhYmxlRGF0YaMdHyBWTlNEYXRhWE5TT2JqZWN00hscIiNcTlNEaWN0aW9uYXJ5oiIgXxAPTlNLZXllZEFyY2hpdmVy0SYnVHJvb3SAAQAIABEAGgAjAC0AMgA3AEAARgBNAFUAYABnAGoAbABuAHEAcwB1AHcAhACOAOcA7AD0AvYC+AL9AwgDEQMfAyMDKgMzAzgDRQNIA1oDXQNiAAAAAAAAAgEAAAAAAAAAKAAAAAAAAAAAAAAAAAAAA2Q=}}

@article{kearney2015media,
	Author = {Kearney, Melissa S and Levine, Phillip B},
	Date-Added = {2017-05-02 20:22:53 +0000},
	Date-Modified = {2017-05-02 20:22:53 +0000},
	Journal = {The American Economic Review},
	Number = {12},
	Pages = {3597--3632},
	Publisher = {American Economic Association},
	Title = {Media influences on social outcomes: The impact of MTV's 16 and pregnant on teen childbearing},
	Volume = {105},
	Year = {2015}}

@article{huber2007identifying,
	Author = {Huber, Gregory A and Arceneaux, Kevin},
	Date-Added = {2017-05-02 20:22:21 +0000},
	Date-Modified = {2017-05-02 20:22:21 +0000},
	Journal = {American Journal of Political Science},
	Number = {4},
	Pages = {957--977},
	Publisher = {Wiley Online Library},
	Title = {Identifying the persuasive effects of presidential advertising},
	Volume = {51},
	Year = {2007}}

@article{dell2010persistent,
	Author = {Dell, Melissa},
	Date-Added = {2017-05-02 20:22:02 +0000},
	Date-Modified = {2017-05-02 20:22:02 +0000},
	Journal = {Econometrica},
	Number = {6},
	Pages = {1863--1903},
	Publisher = {Wiley Online Library},
	Title = {The persistent effects of Peru's mining mita},
	Volume = {78},
	Year = {2010}}

@article{chen2013evidence,
	Author = {Chen, Yuyu and Ebenstein, Avraham and Greenstone, Michael and Li, Hongbin},
	Date-Added = {2017-05-02 20:21:34 +0000},
	Date-Modified = {2017-05-02 20:21:34 +0000},
	Journal = {Proceedings of the National Academy of Sciences},
	Number = {32},
	Pages = {12936--12941},
	Publisher = {National Acad Sciences},
	Title = {Evidence on the impact of sustained exposure to air pollution on life expectancy from China's Huai River policy},
	Volume = {110},
	Year = {2013},
	Bdsk-File-1 = {YnBsaXN0MDDUAQIDBAUGJCVYJHZlcnNpb25YJG9iamVjdHNZJGFyY2hpdmVyVCR0b3ASAAGGoKgHCBMUFRYaIVUkbnVsbNMJCgsMDxJXTlMua2V5c1pOUy5vYmplY3RzViRjbGFzc6INDoACgAOiEBGABIAFgAdccmVsYXRpdmVQYXRoWWFsaWFzRGF0YV8QTC4uLy4uLy4uLy4uLy4uLy4uL0dvb2dsZSBEcml2ZS9QYXBlcnMvU3BhdGlhbFJERC9leGFtcGxlcy9jaGVuX3BvbGx1dGlvbi5wZGbSFwsYGVdOUy5kYXRhTxEB1gAAAAAB1gACAAAMTWFjaW50b3NoIEhEAAAAAAAAAAAAAAAAAAAA0bHiiUgrAAABK3q0EmNoZW5fcG9sbHV0aW9uLnBkZgAAAAAAAAAAAAAAAAAAAAAAAAAAAAAAAAAAAAAAAAAAAAAAAAAAAAAAAAAAAAErhf3Teq96AAAAAAAAAAAABgAFAAAJIAAAAAAAAAAAAAAAAAAAAAhleGFtcGxlcwAQAAgAANGyGskAAAARAAgAANN657oAAAABABgBK3q0AP5tRwANVagA/mKqAAnRFAACmDkAAgBZTWFjaW50b3NoIEhEOlVzZXJzOgBpbW9sazoAR29vZ2xlIERyaXZlOgBQYXBlcnM6AFNwYXRpYWxSREQ6AGV4YW1wbGVzOgBjaGVuX3BvbGx1dGlvbi5wZGYAAA4AJgASAGMAaABlAG4AXwBwAG8AbABsAHUAdABpAG8AbgAuAHAAZABmAA8AGgAMAE0AYQBjAGkAbgB0AG8AcwBoACAASABEABIARlVzZXJzL2ltb2xrL0dvb2dsZSBEcml2ZS9QYXBlcnMvU3BhdGlhbFJERC9leGFtcGxlcy9jaGVuX3BvbGx1dGlvbi5wZGYAEwABLwAAFQACAAz//wAAgAbSGxwdHlokY2xhc3NuYW1lWCRjbGFzc2VzXU5TTXV0YWJsZURhdGGjHR8gVk5TRGF0YVhOU09iamVjdNIbHCIjXE5TRGljdGlvbmFyeaIiIF8QD05TS2V5ZWRBcmNoaXZlctEmJ1Ryb290gAEACAARABoAIwAtADIANwBAAEYATQBVAGAAZwBqAGwAbgBxAHMAdQB3AIQAjgDdAOIA6gLEAsYCywLWAt8C7QLxAvgDAQMGAxMDFgMoAysDMAAAAAAAAAIBAAAAAAAAACgAAAAAAAAAAAAAAAAAAAMy}}

@article{berger2009taxes,
	Author = {Berger, Daniel},
	Date-Added = {2017-05-02 20:19:16 +0000},
	Date-Modified = {2017-05-02 20:19:16 +0000},
	Journal = {Unpublished manuscript},
	Title = {Taxes, institutions and local governance: evidence from a natural experiment in colonial Nigeria},
	Year = {2009}}

@article{Gerber_2011,
	Author = {Gerber, Alan S. and Kessler, Daniel P. and Meredith, Marc},
	Date-Added = {2017-05-02 20:11:00 +0000},
	Date-Modified = {2017-05-02 20:11:00 +0000},
	Doi = {10.1017/s0022381610000927},
	Issn = {1468-2508},
	Journal = {The Journal of Politics},
	Month = {Jan},
	Number = {1},
	Pages = {140--155},
	Publisher = {University of Chicago Press},
	Title = {The Persuasive Effects of Direct Mail: A Regression Discontinuity Based Approach},
	Url = {http://dx.doi.org/10.1017/S0022381610000927},
	Volume = {73},
	Year = {2011},
	Bdsk-File-1 = {YnBsaXN0MDDUAQIDBAUGJCVYJHZlcnNpb25YJG9iamVjdHNZJGFyY2hpdmVyVCR0b3ASAAGGoKgHCBMUFRYaIVUkbnVsbNMJCgsMDxJXTlMua2V5c1pOUy5vYmplY3RzViRjbGFzc6INDoACgAOiEBGABIAFgAdccmVsYXRpdmVQYXRoWWFsaWFzRGF0YV8QWy4uLy4uLy4uLy4uLy4uLy4uL0dvb2dsZSBEcml2ZS9QYXBlcnMvU3BhdGlhbFJERC9leGFtcGxlcy9HZXJiZXIyMDExX1BlcnN1YXNpdmVfZWZmZWN0cy5wZGbSFwsYGVdOUy5kYXRhTxECEAAAAAACEAACAAAMTWFjaW50b3NoIEhEAAAAAAAAAAAAAAAAAAAA0bHiiUgrAAABK3q0H0dlcmJlcjIwMTFfUGVyc3Vhc2kjMTJCQzc3My5wZGYAAAAAAAAAAAAAAAAAAAAAAAAAAAAAAAAAAAAAAAAAAAErx3PTewHlAAAAAAAAAAAABgAFAAAJIAAAAAAAAAAAAAAAAAAAAAhleGFtcGxlcwAQAAgAANGyGskAAAARAAgAANN7OiUAAAABABgBK3q0AP5tRwANVagA/mKqAAnRFAACmDkAAgBmTWFjaW50b3NoIEhEOlVzZXJzOgBpbW9sazoAR29vZ2xlIERyaXZlOgBQYXBlcnM6AFNwYXRpYWxSREQ6AGV4YW1wbGVzOgBHZXJiZXIyMDExX1BlcnN1YXNpIzEyQkM3NzMucGRmAA4ARAAhAEcAZQByAGIAZQByADIAMAAxADEAXwBQAGUAcgBzAHUAYQBzAGkAdgBlAF8AZQBmAGYAZQBjAHQAcwAuAHAAZABmAA8AGgAMAE0AYQBjAGkAbgB0AG8AcwBoACAASABEABIAVVVzZXJzL2ltb2xrL0dvb2dsZSBEcml2ZS9QYXBlcnMvU3BhdGlhbFJERC9leGFtcGxlcy9HZXJiZXIyMDExX1BlcnN1YXNpdmVfZWZmZWN0cy5wZGYAABMAAS8AABUAAgAM//8AAIAG0hscHR5aJGNsYXNzbmFtZVgkY2xhc3Nlc11OU011dGFibGVEYXRhox0fIFZOU0RhdGFYTlNPYmplY3TSGxwiI1xOU0RpY3Rpb25hcnmiIiBfEA9OU0tleWVkQXJjaGl2ZXLRJidUcm9vdIABAAgAEQAaACMALQAyADcAQABGAE0AVQBgAGcAagBsAG4AcQBzAHUAdwCEAI4A7ADxAPkDDQMPAxQDHwMoAzYDOgNBA0oDTwNcA18DcQN0A3kAAAAAAAACAQAAAAAAAAAoAAAAAAAAAAAAAAAAAAADew==}}

@article{Kern_2009,
	Author = {Kern, Holger Lutz and Hainmueller, Jens},
	Date-Added = {2017-05-02 20:11:00 +0000},
	Date-Modified = {2017-05-02 20:11:00 +0000},
	Doi = {10.1093/pan/mpp017},
	Issn = {1476-4989},
	Journal = {Political Analysis},
	Number = {04},
	Pages = {377--399},
	Publisher = {Cambridge University Press (CUP)},
	Title = {Opium for the Masses: How Foreign Media Can Stabilize Authoritarian Regimes},
	Url = {http://dx.doi.org/10.1093/pan/mpp017},
	Volume = {17},
	Year = {2009},
	Bdsk-File-1 = {YnBsaXN0MDDUAQIDBAUGJCVYJHZlcnNpb25YJG9iamVjdHNZJGFyY2hpdmVyVCR0b3ASAAGGoKgHCBMUFRYaIVUkbnVsbNMJCgsMDxJXTlMua2V5c1pOUy5vYmplY3RzViRjbGFzc6INDoACgAOiEBGABIAFgAdccmVsYXRpdmVQYXRoWWFsaWFzRGF0YV8QVC4uLy4uLy4uLy4uLy4uLy4uL0dvb2dsZSBEcml2ZS9QYXBlcnMvU3BhdGlhbFJERC9leGFtcGxlcy9LZXJuMjAwOV9Gb3JlaWduX21lZGlhLnBkZtIXCxgZV05TLmRhdGFPEQH2AAAAAAH2AAIAAAxNYWNpbnRvc2ggSEQAAAAAAAAAAAAAAAAAAADRseKJSCsAAAErerQaS2VybjIwMDlfRm9yZWlnbl9tZWRpYS5wZGYAAAAAAAAAAAAAAAAAAAAAAAAAAAAAAAAAAAAAAAAAAAAAAAAAASvDfdN7AA4AAAAAAAAAAAAGAAUAAAkgAAAAAAAAAAAAAAAAAAAACGV4YW1wbGVzABAACAAA0bIayQAAABEACAAA03s4TgAAAAEAGAErerQA/m1HAA1VqAD+YqoACdEUAAKYOQACAGFNYWNpbnRvc2ggSEQ6VXNlcnM6AGltb2xrOgBHb29nbGUgRHJpdmU6AFBhcGVyczoAU3BhdGlhbFJERDoAZXhhbXBsZXM6AEtlcm4yMDA5X0ZvcmVpZ25fbWVkaWEucGRmAAAOADYAGgBLAGUAcgBuADIAMAAwADkAXwBGAG8AcgBlAGkAZwBuAF8AbQBlAGQAaQBhAC4AcABkAGYADwAaAAwATQBhAGMAaQBuAHQAbwBzAGgAIABIAEQAEgBOVXNlcnMvaW1vbGsvR29vZ2xlIERyaXZlL1BhcGVycy9TcGF0aWFsUkREL2V4YW1wbGVzL0tlcm4yMDA5X0ZvcmVpZ25fbWVkaWEucGRmABMAAS8AABUAAgAM//8AAIAG0hscHR5aJGNsYXNzbmFtZVgkY2xhc3Nlc11OU011dGFibGVEYXRhox0fIFZOU0RhdGFYTlNPYmplY3TSGxwiI1xOU0RpY3Rpb25hcnmiIiBfEA9OU0tleWVkQXJjaGl2ZXLRJidUcm9vdIABAAgAEQAaACMALQAyADcAQABGAE0AVQBgAGcAagBsAG4AcQBzAHUAdwCEAI4A5QDqAPIC7ALuAvMC/gMHAxUDGQMgAykDLgM7Az4DUANTA1gAAAAAAAACAQAAAAAAAAAoAAAAAAAAAAAAAAAAAAADWg==}}

@article{Krasno_2008,
	Author = {Krasno, Jonathan S. and Green, Donald P.},
	Date-Added = {2017-05-02 20:11:00 +0000},
	Date-Modified = {2017-05-02 20:11:00 +0000},
	Doi = {10.1017/s0022381607080176},
	Issn = {1468-2508},
	Journal = {The Journal of Politics},
	Month = {Jan},
	Number = {1},
	Pages = {245--261},
	Publisher = {University of Chicago Press},
	Title = {Do Televised Presidential Ads Increase Voter Turnout? Evidence from a Natural Experiment},
	Url = {http://dx.doi.org/10.1017/S0022381607080176},
	Volume = {70},
	Year = {2008},
	Bdsk-File-1 = {YnBsaXN0MDDUAQIDBAUGJCVYJHZlcnNpb25YJG9iamVjdHNZJGFyY2hpdmVyVCR0b3ASAAGGoKgHCBMUFRYaIVUkbnVsbNMJCgsMDxJXTlMua2V5c1pOUy5vYmplY3RzViRjbGFzc6INDoACgAOiEBGABIAFgAdccmVsYXRpdmVQYXRoWWFsaWFzRGF0YV8QXy4uLy4uLy4uLy4uLy4uLy4uL0dvb2dsZSBEcml2ZS9QYXBlcnMvU3BhdGlhbFJERC9leGFtcGxlcy9rcmFzbm9fdGVsZXZpc2VkX3ByZXNpZGVudGlhbF9hZHMucGRm0hcLGBlXTlMuZGF0YU8RAhwAAAAAAhwAAgAADE1hY2ludG9zaCBIRAAAAAAAAAAAAAAAAAAAANGx4olIKwAAASt6tB9rcmFzbm9fdGVsZXZpc2VkX3ByIzEyQkJCMkQucGRmAAAAAAAAAAAAAAAAAAAAAAAAAAAAAAAAAAAAAAAAAAABK7st03r6JwAAAAAAAAAAAAYABQAACSAAAAAAAAAAAAAAAAAAAAAIZXhhbXBsZXMAEAAIAADRshrJAAAAEQAIAADTezJnAAAAAQAYASt6tAD+bUcADVWoAP5iqgAJ0RQAApg5AAIAZk1hY2ludG9zaCBIRDpVc2VyczoAaW1vbGs6AEdvb2dsZSBEcml2ZToAUGFwZXJzOgBTcGF0aWFsUkREOgBleGFtcGxlczoAa3Jhc25vX3RlbGV2aXNlZF9wciMxMkJCQjJELnBkZgAOAEwAJQBrAHIAYQBzAG4AbwBfAHQAZQBsAGUAdgBpAHMAZQBkAF8AcAByAGUAcwBpAGQAZQBuAHQAaQBhAGwAXwBhAGQAcwAuAHAAZABmAA8AGgAMAE0AYQBjAGkAbgB0AG8AcwBoACAASABEABIAWVVzZXJzL2ltb2xrL0dvb2dsZSBEcml2ZS9QYXBlcnMvU3BhdGlhbFJERC9leGFtcGxlcy9rcmFzbm9fdGVsZXZpc2VkX3ByZXNpZGVudGlhbF9hZHMucGRmAAATAAEvAAAVAAIADP//AACABtIbHB0eWiRjbGFzc25hbWVYJGNsYXNzZXNdTlNNdXRhYmxlRGF0YaMdHyBWTlNEYXRhWE5TT2JqZWN00hscIiNcTlNEaWN0aW9uYXJ5oiIgXxAPTlNLZXllZEFyY2hpdmVy0SYnVHJvb3SAAQAIABEAGgAjAC0AMgA3AEAARgBNAFUAYABnAGoAbABuAHEAcwB1AHcAhACOAPAA9QD9Ax0DHwMkAy8DOANGA0oDUQNaA18DbANvA4EDhAOJAAAAAAAAAgEAAAAAAAAAKAAAAAAAAAAAAAAAAAAAA4s=}}

@article{Michalopoulos:2013dn,
	Author = {Michalopoulos, Stelios and Papaioannou, Elias},
	Date = {2013},
	Date-Added = {2017-05-02 20:11:00 +0000},
	Date-Modified = {2017-05-02 20:11:00 +0000},
	Doi = {10.1093/qje/qjt029},
	Journal = {Q J Econ},
	Journal-Full = {The quarterly journal of economics},
	Number = {1},
	Pages = {151-213},
	Pmc = {PMC4354689},
	Pmid = {25802926},
	Pst = {ppublish},
	Title = {NATIONAL INSTITUTIONS AND SUBNATIONAL DEVELOPMENT IN AFRICA},
	Volume = {129},
	Year = {2013},
	Abstract = {We investigate the role of national institutions on subnational African development in a novel framework that accounts for both local geography and cultural-genetic traits. We exploit the fact that the political boundaries on the eve of African independence partitioned more than 200 ethnic groups across adjacent countries subjecting similar cultures, residing in homogeneous geographic areas, to different formal institutions. Using both a matching type and a spatial regression discontinuity approach we show that differences in countrywide institutional structures across the national border do not explain within-ethnicity differences in economic performance, as captured by satellite images of light density. The average noneffect of national institutions on ethnic development masks considerable heterogeneity partially driven by the diminishing role of national institutions in areas further from the capital cities.},
	Bdsk-File-1 = {YnBsaXN0MDDUAQIDBAUGJCVYJHZlcnNpb25YJG9iamVjdHNZJGFyY2hpdmVyVCR0b3ASAAGGoKgHCBMUFRYaIVUkbnVsbNMJCgsMDxJXTlMua2V5c1pOUy5vYmplY3RzViRjbGFzc6INDoACgAOiEBGABIAFgAdccmVsYXRpdmVQYXRoWWFsaWFzRGF0YV8QZS4uLy4uLy4uLy4uLy4uLy4uL0dvb2dsZSBEcml2ZS9QYXBlcnMvU3BhdGlhbFJERC9leGFtcGxlcy9NaWNoYWxvcG91bG9zMjAxNF9uYXRpb25hbF9pbnN0aXR1dGlvbnMucGRm0hcLGBlXTlMuZGF0YU8RAi4AAAAAAi4AAgAADE1hY2ludG9zaCBIRAAAAAAAAAAAAAAAAAAAANGx4olIKwAAASt6tB9NaWNoYWxvcG91bG9zMjAxNF9uIzEyQkJBREQucGRmAAAAAAAAAAAAAAAAAAAAAAAAAAAAAAAAAAAAAAAAAAABK7rd03r5hwAAAAAAAAAAAAYABQAACSAAAAAAAAAAAAAAAAAAAAAIZXhhbXBsZXMAEAAIAADRshrJAAAAEQAIAADTezHHAAAAAQAYASt6tAD+bUcADVWoAP5iqgAJ0RQAApg5AAIAZk1hY2ludG9zaCBIRDpVc2VyczoAaW1vbGs6AEdvb2dsZSBEcml2ZToAUGFwZXJzOgBTcGF0aWFsUkREOgBleGFtcGxlczoATWljaGFsb3BvdWxvczIwMTRfbiMxMkJCQURELnBkZgAOAFgAKwBNAGkAYwBoAGEAbABvAHAAbwB1AGwAbwBzADIAMAAxADQAXwBuAGEAdABpAG8AbgBhAGwAXwBpAG4AcwB0AGkAdAB1AHQAaQBvAG4AcwAuAHAAZABmAA8AGgAMAE0AYQBjAGkAbgB0AG8AcwBoACAASABEABIAX1VzZXJzL2ltb2xrL0dvb2dsZSBEcml2ZS9QYXBlcnMvU3BhdGlhbFJERC9leGFtcGxlcy9NaWNoYWxvcG91bG9zMjAxNF9uYXRpb25hbF9pbnN0aXR1dGlvbnMucGRmAAATAAEvAAAVAAIADP//AACABtIbHB0eWiRjbGFzc25hbWVYJGNsYXNzZXNdTlNNdXRhYmxlRGF0YaMdHyBWTlNEYXRhWE5TT2JqZWN00hscIiNcTlNEaWN0aW9uYXJ5oiIgXxAPTlNLZXllZEFyY2hpdmVy0SYnVHJvb3SAAQAIABEAGgAjAC0AMgA3AEAARgBNAFUAYABnAGoAbABuAHEAcwB1AHcAhACOAPYA+wEDAzUDNwM8A0cDUANeA2IDaQNyA3cDhAOHA5kDnAOhAAAAAAAAAgEAAAAAAAAAKAAAAAAAAAAAAAAAAAAAA6M=}}

@article{Middleton_2008,
	Author = {Middleton, Joel A.},
	Date-Added = {2017-05-02 20:11:00 +0000},
	Date-Modified = {2017-05-02 20:11:00 +0000},
	Doi = {10.1561/100.00007019},
	Issn = {1554-0634},
	Journal = {Quarterly Journal of Political Science},
	Month = {Mar},
	Number = {1},
	Pages = {63--82},
	Publisher = {Now Publishers},
	Title = {Do Community-Based Voter Mobilization Campaigns Work Even in Battleground States? Evaluating the Effectiveness of MoveOn's 2004 Outreach Campaign},
	Url = {http://dx.doi.org/10.1561/100.00007019},
	Volume = {3},
	Year = {2008},
	Bdsk-File-1 = {YnBsaXN0MDDUAQIDBAUGJCVYJHZlcnNpb25YJG9iamVjdHNZJGFyY2hpdmVyVCR0b3ASAAGGoKgHCBMUFRYaIVUkbnVsbNMJCgsMDxJXTlMua2V5c1pOUy5vYmplY3RzViRjbGFzc6INDoACgAOiEBGABIAFgAdccmVsYXRpdmVQYXRoWWFsaWFzRGF0YV8QYi4uLy4uLy4uLy4uLy4uLy4uL0dvb2dsZSBEcml2ZS9QYXBlcnMvU3BhdGlhbFJERC9leGFtcGxlcy9NaWRkbGV0b24yMDA4X01vYmlsaXphdGlvbl9jYW1wYWlnbnMucGRm0hcLGBlXTlMuZGF0YU8RAiQAAAAAAiQAAgAADE1hY2ludG9zaCBIRAAAAAAAAAAAAAAAAAAAANGx4olIKwAAASt6tB9NaWRkbGV0b24yMDA4X01vYmlsIzEyQkM3Q0EucGRmAAAAAAAAAAAAAAAAAAAAAAAAAAAAAAAAAAAAAAAAAAABK8fK03sCZQAAAAAAAAAAAAYABQAACSAAAAAAAAAAAAAAAAAAAAAIZXhhbXBsZXMAEAAIAADRshrJAAAAEQAIAADTezqlAAAAAQAYASt6tAD+bUcADVWoAP5iqgAJ0RQAApg5AAIAZk1hY2ludG9zaCBIRDpVc2VyczoAaW1vbGs6AEdvb2dsZSBEcml2ZToAUGFwZXJzOgBTcGF0aWFsUkREOgBleGFtcGxlczoATWlkZGxldG9uMjAwOF9Nb2JpbCMxMkJDN0NBLnBkZgAOAFIAKABNAGkAZABkAGwAZQB0AG8AbgAyADAAMAA4AF8ATQBvAGIAaQBsAGkAegBhAHQAaQBvAG4AXwBjAGEAbQBwAGEAaQBnAG4AcwAuAHAAZABmAA8AGgAMAE0AYQBjAGkAbgB0AG8AcwBoACAASABEABIAXFVzZXJzL2ltb2xrL0dvb2dsZSBEcml2ZS9QYXBlcnMvU3BhdGlhbFJERC9leGFtcGxlcy9NaWRkbGV0b24yMDA4X01vYmlsaXphdGlvbl9jYW1wYWlnbnMucGRmABMAAS8AABUAAgAM//8AAIAG0hscHR5aJGNsYXNzbmFtZVgkY2xhc3Nlc11OU011dGFibGVEYXRhox0fIFZOU0RhdGFYTlNPYmplY3TSGxwiI1xOU0RpY3Rpb25hcnmiIiBfEA9OU0tleWVkQXJjaGl2ZXLRJidUcm9vdIABAAgAEQAaACMALQAyADcAQABGAE0AVQBgAGcAagBsAG4AcQBzAHUAdwCEAI4A8wD4AQADKAMqAy8DOgNDA1EDVQNcA2UDagN3A3oDjAOPA5QAAAAAAAACAQAAAAAAAAAoAAAAAAAAAAAAAAAAAAADlg==}}

@article{Branson:2017qy,
	Author = {Zach Branson and Maxime Rischard and Luke Bornn and Luke Miratrix},
	Date-Added = {2017-05-02 18:58:11 +0000},
	Date-Modified = {2017-05-02 18:58:11 +0000},
	Eprint = {1704.04858},
	Month = {04},
	Title = {A Nonparametric Bayesian Methodology for Regression Discontinuity Designs},
	Url = {https://arxiv.org/abs/1704.04858},
	Year = {2017},
	Abstract = {Regression discontinuity designs (RDDs) are natural experiments where treatment assignment is determined by a covariate value (or "running variable") being above or below a predetermined threshold. Because the treatment effect will be confounded by the running variable, RDD analyses focus on the local average treatment effect (LATE) at the threshold. The most popular methodology for estimating the LATE in an RDD is local linear regression (LLR), which is a weighted linear regression that places larger weight on units closer to the threshold. While LLR exhibits promising bias-reducing properties, LLR tends to yield confidence intervals that undercover, in part because LLR assumes the weighting scheme is fixed, when really there is uncertainty in the weighting scheme choice. We propose an alternative nonparametric methodology utilizing Gaussian process regression that, unlike LLR, (1) does not require specifying a functional form for the expected treatment and control response, and (2) automatically incorporates the uncertainty in how units are weighted when estimating the LATE. We prove our methodology is consistent for the LATE, and we replicate previous simulation studies in the literature to show that our method exhibits better coverage and mean squared error properties than current methodologies.},
	Bdsk-Url-1 = {https://arxiv.org/abs/1704.04858}}

@article{Ding:2014sf,
	Author = {Peng Ding},
	Date-Added = {2017-02-26 21:25:29 +0000},
	Date-Modified = {2017-02-26 21:27:21 +0000},
	Eprint = {1402.0142},
	Month = {02},
	Title = {A paradox from randomization-based causal inference},
	Url = {https://arxiv.org/abs/1402.0142},
	Year = {2014},
	Abstract = {Under the potential outcomes framework, causal effects are defined as comparisons between potential outcomes under treatment and control. To infer causal effects from randomized experiments, Neyman proposed to test the null hypothesis of zero average causal effect (Neyman's null), and Fisher proposed to test the null hypothesis of zero individual causal effect (Fisher's null). Although the subtle difference between Neyman's null and Fisher's null has caused lots of controversies and confusions for both theoretical and practical statisticians, a careful comparison between the two approaches has been lacking in the literature for more than eighty years. We fill in this historical gap by making a theoretical comparison between them and highlighting an intriguing paradox that has not been recognized by previous researchers. Logically, Fisher's null implies Neyman's null. It is therefore surprising that, in actual completely randomized experiments, rejection of Neyman's null does not imply rejection of Fisher's null for many realistic situations, including the case with constant causal effect. Furthermore, we show that this paradox also exists in other commonly-used experiments, such as stratified experiments, matched-pair experiments, and factorial experiments. Asymptotic analyses, numerical examples, and real data examples all support this surprising phenomenon. Besides its historical and theoretical importance, this paradox also leads to useful practical implications for modern researchers.},
	Annote = {Should be published by the time we are! Currently listed on http://imstat.org/sts/future_papers.html},
	Bdsk-Url-1 = {https://arxiv.org/abs/1402.0142}}

@inproceedings{benavoli2015gaussian,
	Author = {Benavoli, Alessio and Mangili, Francesca},
	Booktitle = {AISTATS},
	Date-Added = {2017-02-25 17:51:46 +0000},
	Date-Modified = {2017-02-25 17:51:46 +0000},
	Title = {Gaussian Processes for Bayesian hypothesis tests on regression functions.},
	Year = {2015}}

@comment{BibDesk Static Groups{
<?xml version="1.0" encoding="UTF-8"?>
<!DOCTYPE plist PUBLIC "-//Apple//DTD PLIST 1.0//EN" "http://www.apple.com/DTDs/PropertyList-1.0.dtd">
<plist version="1.0">
<array>
	<dict>
		<key>group name</key>
		<string>Examples</string>
		<key>keys</key>
		<string>Gerber_2011,Kern_2009,Krasno_2008,Michalopoulos:2013dn,Middleton_2008,magruder2012high,miguel2004tribe,nall2012road,pence2006foreclosing,salazar2016estimating,schumann2014persistence,chen2013evidence,huber2007identifying,kearney2015media,berger2009taxes,macdonald2015effect,dell2010persistent</string>
	</dict>
</array>
</plist>
}}
